% Encoding: UTF-8

@Article{Pousman2007,
  author  = {Zachary Pousman and John Stasko and Michael Mateas},
  journal = {IEEE Transactions on Visualization and Computer Graphics},
  number  = {6},
  pages   = {1145--1152},
  title   = {Casual Information Visualization: Depictions of Data in Everyday Life},
  volume  = {13},
  year    = {2007},
  doi     = {10.1109/TVCG.2007.70541},
}

@InProceedings{Jansen2013,
  author    = {Yvonne Jansen and Pierre Dragicevand Jean-Daniel Fekete},
  booktitle = {Proceedings of the SIGCHI Conference on Human Factors in Computing Systems},
  title     = {Evaluating the efficiency of physical visualizations},
  year      = {2013},
  pages     = {2593--2602},
}

@InProceedings{Kim2010,
  author    = {Kim Sunyoung and Paulos Eric},
  booktitle = {Proceedings of the SIGCHI Conference on Human Factors in Computing Systems},
  title     = {InAir: sharing indoor air quality measurements and visualizations},
  year      = {2010},
  pages     = {1861--1870},
}

@InProceedings{Kjeldskov2012,
  author    = {Kjeldskov J. and Mikael B. Skov and Paay Jeni and Pathmanathan Rahuvaran},
  booktitle = {Proceedings of the SIGCHI Conference on Human Factors in Computing Systems},
  title     = {Using mobile phones to support sustainability: a field study of residential electricity consumption},
  year      = {2012},
  pages     = {2347--2356},
}

@InProceedings{Wagner2003,
  author    = {Daniel Wagner and Dieter Schmalstieg},
  title     = {ARToolKit on the PocketPC platform},
  booktitle = {2003 IEEE International Augmented Reality Toolkit Workshop},
  year      = {2003},
  pages     = {14-15},
  doi       = {10.1109/ART.2003.1320418},
}

@Book{Cushnan2013,
  author    = {Dominic Cushnan and Hassan EL Habbak},
  publisher = {Packt Publishing Ltd},
  title     = {Developing ar games for ios and android},
  year      = {2013},
}

@InProceedings{Kato1999,
  author       = {Kato Hirokazu and Billinghurst Mark},
  title        = {Marker tracking and hmd calibration for a video-based augmented reality conferencing system},
  booktitle    = {Proceedings 2nd IEEE and ACM International Workshop on Augmented Reality (IWAR'99)},
  year         = {1999},
  pages        = {85--94},
  address      = {San Francisco, CA, USA},
  organization = {IEEE},
}

@InProceedings{Davison2003,
  author       = {Davison Andrew J.},
  title        = {Real-time simultaneous localisation and mapping with a single camera},
  booktitle    = {Computer Vision, IEEE International Conference on},
  year         = {2003},
  volume       = {3},
  pages        = {1403--1403},
  address      = {Nice, France},
  organization = {IEEE Computer Society},
}

@Article{Davison2007,
  author    = {Davison Andrew J. and Reid Ian D. and Molton Nicholas D. and Stasse Olivier},
  journal   = {IEEE transactions on pattern analysis and machine intelligence},
  title     = {MonoSLAM: Real-time single camera SLAM},
  year      = {2007},
  number    = {6},
  pages     = {1052--1067},
  volume    = {29},
  publisher = {IEEE},
}

@Article{Jones2011,
  author    = {Jones Eagle S. and Soatto, Stefano},
  journal   = {The International Journal of Robotics Research},
  title     = {Visual-inertial navigation, mapping and localization: A scalable real-time causal approach},
  year      = {2011},
  number    = {4},
  pages     = {407--430},
  volume    = {30},
  publisher = {SAGE Publications Sage UK: London, England},
}

@Article{Li2013,
  author    = {Mingyang Li and Anastasios I Mourikis},
  journal   = {The International Journal of Robotics Research},
  title     = {High-precision, consistent EKF-based visual-inertial odometry},
  year      = {2013},
  number    = {6},
  pages     = {690--711},
  volume    = {32},
  publisher = {Sage Publications Sage UK: London, England},
}

@Article{Hirokazu2002,
  author  = {Hirokazu K.},
  journal = {Technical Report of Ieice Prmu},
  title   = {ARToolKit: Library for Vision-based Augmented Reality.},
  year    = {2002},
  pages   = {79-86},
  volume  = {101},
}

@Article{Huang2014,
  author    = {Dandan Huang and Melanie Tory and Bon Adriel Aseniero and Lyn Bartram and Scott Bateman and Sheelagh Carpendale and Anthony Tang and Robert Woodbury},
  journal   = {IEEE Transactions on Visualization and Computer Graphics},
  title     = {Personal visualization and personal visual analytics},
  year      = {2014},
  number    = {3},
  pages     = {420--433},
  volume    = {21},
  publisher = {IEEE},
}

@Article{Pousman2007a,
  author    = {Pousman Zachary and Stasko John and Mateas Michael},
  journal   = {IEEE transactions on visualization and computer graphics},
  title     = {Casual information visualization: Depictions of data in everyday life},
  year      = {2007},
  number    = {6},
  pages     = {1145--1152},
  volume    = {13},
  publisher = {IEEE},
}

@PhdThesis{Danziger2008,
  author = {Danziger Michael J.},
  school = {Massachusetts Institute of Technology, Department of Comparative Media Studies},
  title  = {Information visualization for the people},
  year   = {2008},
}

@InProceedings{Fogg1998,
  author    = {Brian J Fogg},
  title     = {Persuasive computers: perspectives and research directions},
  booktitle = {Proceedings of the SIGCHI conference on Human factors in computing systems},
  year      = {1998},
  pages     = {225--232},
  month     = jan,
}

@InProceedings{Li2010,
  author    = {Li Ian and Dey Anind and Forlizzi Jodi},
  booktitle = {Proceedings of the SIGCHI conference on human factors in computing systems},
  title     = {A stage-based model of personal informatics systems},
  year      = {2010},
  pages     = {557--566},
}

@InProceedings{Li2010a,
  author    = {Li Ian and Forlizzi Jodi and Dey Anind},
  title     = {Know thyself: monitoring and reflecting on facets of one's life},
  booktitle = {CHI'10 Extended Abstracts on Human Factors in Computing Systems},
  year      = {2010},
  pages     = {4489--4492},
}

@InProceedings{White2009,
  author    = {Sean White and Steven Feiner},
  booktitle = {Proceedings of the 27th international conference on Human factors in computing systems - {CHI} 09},
  title     = {{SiteLens}},
  year      = {2009},
  publisher = {{ACM} Press},
  doi       = {10.1145/1518701.1518871},
}

@Article{Allen1999,
  author    = {Allen Bem P.},
  journal   = {Perceptual and motor skills},
  title     = {Shadows as sources of cues for distance of shadow-casting objects},
  year      = {1999},
  number    = {2},
  pages     = {571--584},
  volume    = {89},
  publisher = {SAGE Publications Sage CA: Los Angeles, CA},
}

@Article{Mamassian1998,
  author    = {Mamassian Pascal and Knill David C. and Kersten Daniel},
  journal   = {Trends in cognitive sciences},
  title     = {The perception of cast shadows},
  year      = {1998},
  number    = {8},
  pages     = {288--295},
  volume    = {2},
  publisher = {Elsevier},
}

@Article{Yonas1978,
  author    = {Yonas A. and Goldsmith LT. and Hallstrom JL.},
  journal   = {Perception},
  title     = {Development of sensitivity to information provided by cast shadows in pictures},
  year      = {1978},
  number    = {3},
  pages     = {333--341},
  volume    = {7},
  publisher = {SAGE Publications Sage UK: London, England},
}

@Article{Tsuda2006,
  author    = {Tsuda Takahiro and Yamamoto Haruyoshi and Kameda Yoshinari and Ohta Yuichi},
  journal   = {IEICE transactions on information and systems},
  title     = {Visualization methods for outdoor see-through vision},
  year      = {2006},
  number    = {6},
  pages     = {1781--1789},
  volume    = {89},
  publisher = {The Institute of Electronics, Information and Communication Engineers},
}

@InProceedings{Wither2005,
  author       = {Wither Jason and Hollerer Tobias},
  booktitle    = {Ninth IEEE International Symposium on Wearable Computers (ISWC'05)},
  title        = {Pictorial depth cues for outdoor augmented reality},
  year         = {2005},
  organization = {IEEE},
  pages        = {92--99},
}

@InCollection{Bichlmeier2007,
  author    = {Bichlmeier Christoph and Sielhorst Tobias and Heining Sandro M. and Navab Nassir},
  booktitle = {Bildverarbeitung f{\"u}r die Medizin 2007},
  publisher = {Springer},
  title     = {Improving depth perception in medical AR},
  year      = {2007},
  pages     = {217--221},
}

@InProceedings{Furmanski2002,
  author       = {Furmanski Chris and Azuma Ronald and Daily Mike},
  booktitle    = {Proceedings. International Symposium on Mixed and Augmented Reality},
  title        = {Augmented-reality visualizations guided by cognition: Perceptual heuristics for combining visible and obscured information},
  year         = {2002},
  organization = {IEEE},
  pages        = {215--320},
}

@InProceedings{Mendez2009,
  author    = {Mendez Erick and Schmalstieg Dieter},
  booktitle = {Proceedings of the 16th ACM Symposium on Virtual Reality Software and Technology},
  title     = {Importance masks for revealing occluded objects in augmented reality},
  year      = {2009},
  pages     = {247--248},
}

@Article{Stusak2014,
  author    = {Simon Stusak and Aur{\'e}lien Tabard and Franziska Sauka and Rohit Ashok Khot and Andreas Butz},
  journal   = {IEEE transactions on visualization and computer graphics},
  title     = {Activity sculptures: Exploring the impact of physical visualizations on running activity},
  year      = {2014},
  number    = {12},
  pages     = {2201--2210},
  volume    = {20},
  publisher = {IEEE},
}

@InProceedings{Monigatti2010,
  author    = {Paul Monigatti and Mark Apperley and Bill Rogers},
  title     = {Power and energy visualization for the micro-management of household electricity consumption},
  booktitle = {Proceedings of the International Conference on Advanced Visual Interfaces},
  year      = {2010},
  pages     = {325--328},
  address   = {New York, USA},
  publisher = {ACM},
}

@InProceedings{Khot2014,
  author    = {Rohit Ashok Khot and Larissa Hjorth and Florian'Floyd' Mueller},
  booktitle = {Proceedings of the SIGCHI conference on human factors in computing systems},
  title     = {Understanding physical activity through 3D printed material artifacts},
  year      = {2014},
  pages     = {3835--3844},
}

@InProceedings{Chiu2009,
  author    = {Meng-Chieh Chiu and Shih-Ping Chang and Yu-Chen Chang and Hao-Hua Chu and Chia-Hui Chen Cheryl and Fei-Hsiu Hsiao and Ju-Chun Ko},
  booktitle = {Proceedings of the 11th international conference on Ubiquitous computing},
  title     = {Playful bottle: a mobile social persuasion system to motivate healthy water intake},
  year      = {2009},
  pages     = {185--194},
}

@InProceedings{Lee2012,
  author    = {G. A. {Lee} and A. {Dünser} and {Seungwon Kim} and M. {Billinghurst}},
  booktitle = {2012 IEEE International Symposium on Mixed and Augmented Reality - Arts, Media, and Humanities (ISMAR-AMH)},
  title     = {CityViewAR: A mobile outdoor AR application for city visualization},
  year      = {2012},
  pages     = {57-64},
  doi       = {10.1109/ISMAR-AMH.2012.6483989},
}

@InProceedings{Geroimenko2012,
  author    = {V. {Geroimenko}},
  booktitle = {2012 16th International Conference on Information Visualisation},
  title     = {Augmented Reality Technology and Art: The Analysis and Visualization of Evolving Conceptual Models},
  year      = {2012},
  pages     = {445-453},
  doi       = {10.1109/IV.2012.77},
}

@Article{Ren2014,
  author  = {D. {Ren} and T. {Höllerer} and X. {Yuan}},
  journal = {IEEE Transactions on Visualization and Computer Graphics},
  title   = {iVisDesigner: Expressive Interactive Design of Information Visualizations},
  year    = {2014},
  number  = {12},
  pages   = {2092-2101},
  volume  = {20},
  doi     = {10.1109/TVCG.2014.2346291},
}

@Book{Shreiner2013,
  author    = {Shreiner, Dave and Sellers, Graham and Kessenich, John and Licea-Kane, Bill},
  publisher = {Addison-Wesley},
  title     = {OpenGL programming guide: The Official guide to learning OpenGL, version 4.3},
  year      = {2013},
}

@Book{Parisi2012,
  author    = {Parisi, Tony},
  publisher = {" O'Reilly Media, Inc."},
  title     = {WebGL: up and running},
  year      = {2012},
}

@Book{Zhu2013,
  author    = {Zhu, Nick Qi},
  publisher = {Packt Publishing Ltd},
  title     = {Data visualization with D3. js cookbook},
  year      = {2013},
}

@Article{Pedretti2002,
  author    = {Pedretti, Alessandro and Villa, Luigi and Vistoli, Giulio},
  journal   = {Journal of Molecular Graphics and Modelling},
  title     = {VEGA: a versatile program to convert, handle and visualize molecular structure on Windows-based PCs},
  year      = {2002},
  number    = {1},
  pages     = {47--49},
  volume    = {21},
  publisher = {Elsevier},
}

@InProceedings{Andreu2011,
  author    = {J. {Andreu} and R. D. {Baruah} and P. {Angelov}},
  booktitle = {2011 IEEE International Conference on Fuzzy Systems (FUZZ-IEEE 2011)},
  title     = {Automatic scene recognition for low-resource devices using evolving classifiers},
  year      = {2011},
  pages     = {2779-2785},
  doi       = {10.1109/FUZZY.2011.6007720},
}

@InProceedings{Haroz2015,
  author    = {Steve Harozand Robert Kosara and Steven L. Franconeri},
  title     = {Isotype visualization: Working memory, performance, and engagement with pictographs},
  booktitle = {Proceedings of the 33rd annual ACM conference on human factors in computing systems},
  year      = {2015},
  pages     = {1191--1200},
}

@InProceedings{Jansen2015,
  author    = {Yvonne Jansen and Pierre Dragicevic and Petra Isenberg and Jason Alexander and Karnik, Abhijit and Kildal, Johan and Sriram Subramanian and Kasper Hornb{\ae}k},
  title     = {Opportunities and challenges for data physicalization},
  booktitle = {Proceedings of the 33rd Annual ACM Conference on Human Factors in Computing Systems},
  year      = {2015},
  pages     = {3227--3236},
}

@Article{Jansen2015a,
  author    = {Yvonne Jansen and Kasper Hornb{\ae}k},
  title     = {A psychophysical investigation of size as a physical variable},
  journal   = {IEEE transactions on visualization and computer graphics},
  year      = {2015},
  volume    = {22},
  number    = {1},
  pages     = {479--488},
  publisher = {IEEE},
}

@Article{Jung2015,
  author    = {Timothy Jung and Namho Chung and M. Claudia Leue},
  title     = {The determinants of recommendations to use augmented reality technologies: The case of a Korean theme park},
  journal   = {Tourism management},
  year      = {2015},
  volume    = {49},
  pages     = {75--86},
  publisher = {Elsevier},
}

@Article{Amin2015,
  author  = {Dhiraj Amin and Sharvari Govilkar},
  title   = {Comparative study of augmented reality SDKs},
  journal = {International Journal on Computational Science \& Applications},
  year    = {2015},
  volume  = {5},
  number  = {1},
  pages   = {11--26},
}

@Article{Leutenegger2015,
  author    = {Stefan Leutenegger and Simon Lynen and Michael Bosse and Roland Siegwart and Paul Furgale},
  title     = {Keyframe-based visual--inertial odometry using nonlinear optimization},
  journal   = {The International Journal of Robotics Research},
  year      = {2015},
  volume    = {34},
  number    = {3},
  pages     = {314--334},
  publisher = {SAGE Publications Sage UK: London, England},
}

@Article{Mcauley2015,
  author  = {Julian McAuley and Christopher Targett and Qinfeng Shi and Anton van den Hengel},
  title   = {Image-based Recommendations on Styles and Substitutes},
  journal = {ACM},
  year    = {2015},
  pages   = {43--52},
}

@InCollection{MarderEppstein2016,
  author    = {Marder-Eppstein and Eitan},
  title     = {Project tango},
  booktitle = {ACM SIGGRAPH 2016 Real-Time Live!},
  year      = {2016},
  pages     = {25--25},
}

@PhdThesis{Huang2016,
  author = {Huang, Dandan},
  title  = {Visualizing personal data in context: an on-calendar design strategy for behaviour feedback},
  year   = {2016},
}

@Article{Goh2016,
  author    = {Chooi-Ling Goh and Shigetoshi Nakatake},
  title     = {A sensor-based data visualization system for training blood pressure measurement by auscultatory method},
  journal   = {IEICE TRANSACTIONS on Information and Systems},
  year      = {2016},
  volume    = {99},
  number    = {4},
  pages     = {936--943},
  publisher = {The Institute of Electronics, Information and Communication Engineers},
}

@Article{article,
  author  = {Ruining He and Julian McAuley},
  title   = {Ups and Downs: Modeling the Visual Evolution of Fashion Trends with One-Class Collaborative Filtering},
  journal = {WWW '16: Proceedings of the 25th International Conference on World Wide Web},
  year    = {2016},
  pages   = {507--517},
  month   = {02},
  doi     = {10.1145/2872427.2883037},
  isbn    = {9781450341431},
}

@Article{Wongsuphasawat2016,
  author  = {Kanit Wongsuphasawat and Dominik Moritz and Anushka Anand and Jock Mackinlay and Bill Howe and Jeffrey Heer},
  title   = {Voyager: Exploratory Analysis via Faceted Browsing of Visualization Recommendations},
  journal = {IEEE Transactions on Visualization and Computer Graphics},
  year    = {2016},
  volume  = {22},
  number  = {1},
  pages   = {649-658},
  doi     = {10.1109/TVCG.2015.2467191},
}

@InProceedings{he2016ups,
  author    = {He, Ruining and McAuley, Julian},
  title     = {Ups and downs: Modeling the visual evolution of fashion trends with one-class collaborative filtering},
  booktitle = {proceedings of the 25th international conference on world wide web},
  year      = {2016},
  pages     = {507--517},
}

@InProceedings{Herr2017,
  author    = {Dominik Herr and Jan Reinhardt and Robert Kr{\"u}ger and Guido Reina and Thomas Ertl},
  title     = {Immersive visual analytics for modular factory layout planning},
  booktitle = {Proc. IEEE VIS Workshop Immersive Analytics},
  year      = {2017},
}

@InProceedings{Evans2017,
  author       = {Gabriel Evans and Jack Miller and Mariangely Iglesias Pena and Anastacia MacAllister and Eliot Winer},
  title        = {Evaluating the Microsoft HoloLens through an augmented reality assembly application},
  booktitle    = {Degraded environments: sensing, processing, and display 2017},
  year         = {2017},
  volume       = {10197},
  pages        = {101970V},
  organization = {International Society for Optics and Photonics},
}

@InProceedings{Keselman2017,
  author    = {Leonid Keselman and John Iselin Woodfill and Anders Grunnet-Jepsen and Achintya Bhowmik},
  title     = {Intel realsense stereoscopic depth cameras},
  booktitle = {Proceedings of the IEEE Conference on Computer Vision and Pattern Recognition Workshops},
  year      = {2017},
  pages     = {1--10},
}

@InProceedings{Zhao2017,
  author    = {Mingqian Zhao and Yijia Su and Jian Zhao and Shaoyu Chen and Huamin Qu},
  title     = {Mobile situated analytics of ego-centric network data},
  booktitle = {{SIGGRAPH} Asia 2017 Symposium on Visualization},
  year      = {2017},
  month     = {nov},
  publisher = {{ACM}},
  doi       = {10.1145/3139295.3139309},
}

@Article{Willett2017,
  author    = {Wesley Willett and Yvonne Jansen and Pierre Dragicevic},
  title     = {Embedded Data Representations},
  journal   = {{IEEE} Transactions on Visualization and Computer Graphics},
  year      = {2017},
  volume    = {23},
  number    = {1},
  pages     = {461--470},
  month     = {jan},
  doi       = {10.1109/tvcg.2016.2598608},
  publisher = {Institute of Electrical and Electronics Engineers ({IEEE})},
}

@Article{Satyanarayan2017,
  author  = {Arvind Satyanarayan and Dominik Moritz and Kanit Wongsuphasawat and Jeffrey Heer},
  title   = {Vega-Lite: A Grammar of Interactive Graphics},
  journal = {IEEE Transactions on Visualization and Computer Graphics},
  year    = {2017},
  volume  = {23},
  number  = {1},
  pages   = {341-350},
  doi     = {10.1109/TVCG.2016.2599030},
}

@InProceedings{Zhang2017,
  author    = {Hang Zhang and Jia Xue and Kristin Dana},
  title     = {Deep TEN: Texture Encoding Network},
  booktitle = {2017 IEEE Conference on Computer Vision and Pattern Recognition (CVPR)},
  year      = {2017},
  pages     = {2896-2905},
  doi       = {10.1109/CVPR.2017.309},
}

@Book{Liberty2018,
  title     = {Building Your First Windows 10 UWP App},
  publisher = {Windows 10 Development with XAML and C\# 7},
  year      = {2018},
  author    = {Jesse Liberty and Jon Gallowayy and Philip Japikse and Jonathan Hartwell},
}

@InProceedings{Butscher2018,
  author    = {Simon Butscher and Sebastian Hubenschmid and Jens Müller and Johannes Fuchs and Harald Reiterer},
  title     = {Clusters, Trends, and Outliers},
  booktitle = {Proceedings of the 2018 {CHI} Conference on Human Factors in Computing Systems},
  year      = {2018},
  month     = {apr},
  publisher = {{ACM}},
  doi       = {10.1145/3173574.3173664},
}

@Article{Carrera2018,
  author    = {Carlos Carbonell Carrera and Jose Luis Saorin Perez and Jorge de la Torre Cantero},
  title     = {Teaching with AR as a tool for relief visualization: usability and motivation study},
  journal   = {International Research in Geographical and Environmental Education},
  year      = {2018},
  volume    = {27},
  number    = {1},
  pages     = {69-84},
  doi       = {10.1080/10382046.2017.1285135},
  eprint    = {https://doi.org/10.1080/10382046.2017.1285135},
  publisher = {Routledge},
  url       = {https://doi.org/10.1080/10382046.2017.1285135},
}

@Article{Li2018,
  author    = {Deqing Li and Honghui Mei and Yi Shen and Shuang Su and Wenli Zhang and Junting Wang and Ming Zu and Wei Chen},
  title     = {ECharts: a declarative framework for rapid construction of web-based visualization},
  journal   = {Visual Informatics},
  year      = {2018},
  volume    = {2},
  number    = {2},
  pages     = {136--146},
  publisher = {Elsevier},
}

@InProceedings{Ling2018,
  author    = {Ong Yi Ling and Lau Bee Theng and Almon Chai and Chris McCarthy},
  title     = {A Model for Automatic Recognition of Vertical Texts in Natural Scene Images},
  booktitle = {2018 8th IEEE International Conference on Control System, Computing and Engineering (ICCSCE)},
  year      = {2018},
  pages     = {170-175},
  doi       = {10.1109/ICCSCE.2018.8685019},
}

@Article{Sicat2019,
  author  = {Ronell Sicat and Jiabao Li and Junyoung Choi and Maxime Cordeil and Won-Ki Jeong and Benjamin Bach and Hanspeter Pfister},
  title   = {DXR: A Toolkit for Building Immersive Data Visualizations},
  journal = {IEEE Transactions on Visualization and Computer Graphics},
  year    = {2019},
  volume  = {25},
  number  = {1},
  pages   = {715-725},
  doi     = {10.1109/TVCG.2018.2865152},
}

@InProceedings{Cordeil2019,
  author    = {Maxime Cordeil and Andrew Cunningham and Benjamin Bach and Christophe Hurter and Bruce H. Thomas and Kim Marriott and Tim Dwyer},
  title     = {IATK: An Immersive Analytics Toolkit},
  booktitle = {2019 IEEE Conference on Virtual Reality and 3D User Interfaces (VR)},
  year      = {2019},
  pages     = {200-209},
  doi       = {10.1109/VR.2019.8797978},
}

@Article{Chen2020,
  author  = {Zhutian Chen and Yijia Su and Yifang Wang and Qianwen Wang and Huamin Qu and Yingcai Wu},
  title   = {MARVisT: Authoring Glyph-Based Visualization in Mobile Augmented Reality},
  journal = {IEEE Transactions on Visualization and Computer Graphics},
  year    = {2020},
  volume  = {26},
  number  = {8},
  pages   = {2645-2658},
  doi     = {10.1109/TVCG.2019.2892415},
}

@InProceedings{Chen2020a,
  author    = {Zhutian Chen and Wai Tong and Qianwen Wang and Benjamin Bach and Huamin Qu},
  title     = {Augmenting static visualizations with PapARVis designer},
  booktitle = {Proceedings of the 2020 CHI Conference on Human Factors in Computing Systems},
  year      = {2020},
  pages     = {1--12},
}

@Article{Zhu2020,
  author  = {Qikui Zhu and Bo Du and Pingkun Yan},
  title   = {Boundary-Weighted Domain Adaptive Neural Network for Prostate MR Image Segmentation},
  journal = {IEEE Transactions on Medical Imaging},
  year    = {2020},
  volume  = {39},
  number  = {3},
  pages   = {753-763},
  doi     = {10.1109/TMI.2019.2935018},
}

@Article{Liu2021,
  author    = {Richen Liu and Hailong Wang and Chuyu Zhang and Xiaojian Chen and Lijun Wang and Genlin Ji and Bin Zhao and Zhiwei Mao and Dan Yang},
  title     = {Narrative Scientific Data Visualization in an Immersive Environment},
  journal   = {Bioinformatics},
  year      = {2021},
  volume    = {Accepted},
  month     = {sep},
  publisher = {Elsevier {BV}},
}

@Article{Reipschlager2021,
  author    = {Patrick Reipschlager and Tamara Flemisch and Raimund Dachselt},
  title     = {Personal Augmented Reality for Information Visualization on Large Interactive Displays},
  journal   = {IEEE Transactions on Visualization and Computer Graphics},
  year      = {2021},
  volume    = {27},
  number    = {2},
  pages     = {1182–1192},
  month     = {Feb},
  issn      = {2160-9306},
  doi       = {10.1109/tvcg.2020.3030460},
  publisher = {Institute of Electrical and Electronics Engineers (IEEE)},
  url       = {http://dx.doi.org/10.1109/TVCG.2020.3030460},
}

@Article{Gazcon,
  author = {Gazc{\'o}n Nicol{\'a}s F and Juan M. Trippel Nagel and Juan I. Larregui and María L. Ganuza and Bjerg, Ernesto A and Silvia M. Castro},
  title  = {Immersive Analytics for Geology: Field Sketch-Like Visualization to assist geological structure analysis during fieldwork},
}

@Misc{ARCore,
  title        = {ArCore},
  howpublished = {\url{https://developers.google.cn/ar/}},
}

@Misc{ARKit,
  howpublished = {\url{https://developer.apple.com/cn/augmented-reality/arkit/}},
}

@Misc{aframe,
  howpublished = {\url{https://aframe.io/}},
}

@Misc{webvr,
  howpublished = {\url{https://webvr.info/}},
}

@Misc{WIMPUI,
  howpublished = {\url{https://www.interaction-design.org/literature/book/the-glossary-of-human-computer-interaction/wimp}},
}

@Article{Lee2021,
  author    = {Benjamin Lee and Xiaoyun Hu and Maxime Cordeil and Arnaud Prouzeau and Bernhard Jenny and Tim Dwyer},
  title     = {Shared Surfaces and Spaces: Collaborative Data Visualisation in a Co-located Immersive Environment},
  journal   = {{IEEE} Transactions on Visualization and Computer Graphics},
  year      = {2021},
  volume    = {27},
  number    = {2},
  pages     = {1171--1181},
  month     = {feb},
  doi       = {10.1109/tvcg.2020.3030450},
  publisher = {Institute of Electrical and Electronics Engineers ({IEEE})},
}

@Article{Rhee2020,
  author  = {Taehyun Rhee and Stephen Thompson and Daniel Medeiros and Rafael dos Anjos and Andrew Chalmers},
  journal = {IEEE Transactions on Visualization and Computer Graphics},
  title   = {Augmented Virtual Teleportation for High-Fidelity Telecollaboration},
  year    = {2020},
  number  = {5},
  pages   = {1923-1933},
  volume  = {26},
  doi     = {10.1109/TVCG.2020.2973065},
}

@Article{Mackinlay1986,
  author     = {Mackinlay, Jock},
  journal    = {ACM Trans. Graph.},
  title      = {Automating the Design of Graphical Presentations of Relational Information},
  year       = {1986},
  issn       = {0730-0301},
  month      = apr,
  number     = {2},
  pages      = {110–141},
  volume     = {5},
  address    = {New York, NY, USA},
  doi        = {10.1145/22949.22950},
  issue_date = {April 1986},
  numpages   = {32},
  publisher  = {Association for Computing Machinery},
  url        = {https://doi.org/10.1145/22949.22950},
}

@Article{Lee2021a,
  author    = {Benjamin Lee and Dave Brown and Bongshin Lee and Christophe Hurter and Steven Drucker and Tim Dwyer},
  title     = {Data Visceralization: Enabling Deeper Understanding of Data Using Virtual Reality},
  journal   = {{IEEE} Transactions on Visualization and Computer Graphics},
  year      = {2021},
  volume    = {27},
  number    = {2},
  pages     = {1095--1105},
  month     = {feb},
  doi       = {10.1109/tvcg.2020.3030435},
  publisher = {Institute of Electrical and Electronics Engineers ({IEEE})},
}

@Misc{Liu2021a,
  author        = {Yi Liu and Lutao Chu and Guowei Chen and Zewu Wu and Zeyu Chen and Baohua Lai and Yuying Hao},
  title         = {PaddleSeg: A High-Efficient Development Toolkit for Image Segmentation},
  year          = {2021},
  archiveprefix = {arXiv},
  eprint        = {2101.06175},
  primaryclass  = {cs.CV},
}

@Misc{Liu2019,
  author       = {Yi Liu and Lutao Chu and Guowei Chen and Zewu Wu and Zeyu Chen and Baohua Lai and Yuying Hao},
  howpublished = {\url{https://github.com/PaddlePaddle/PaddleSeg}},
  title        = {PaddleSeg, End-to-end image segmentation kit based on PaddlePaddle},
  year         = {2019},
}

@Comment{jabref-meta: databaseType:bibtex;}

@Comment{jabref-meta: grouping:
0 AllEntriesGroup:;
1 StaticGroup:Markings\;2\;1\;\;\;\;;
2 StaticGroup:Administratsr:6\;2\;1\;\;\;\;;
2 StaticGroup:[Administratsr:]\;2\;1\;\;\;\;;
}
